@book{Allenpython,
  title={Think Python
How to Think Like a Computer Scientist},
  author={Downey, Allen},
  year={2015},
  publisher={Green Tea Press Needham, Massachusetts}
}



@book{Jake2016python,
  title={Python Data Science Handbook},
  author={VanderPlas, Jake},
  year={2016},
  publisher={O'Reilly Media, Inc.}
}


@book{zhang2017practical,
  title={Practical Guide for Oracle SQL, T-SQL and MySQL},
  author={Zhang, Preston},
  year={2017},
  publisher={CRC Press}
}

@Article{tidy-data,
  author = {Hadley Wickham},
  issue = {10},
  journal = {The Journal of Statistical Software},
  selected = {TRUE},
  title = {Tidy data},
  url = {http://www.jstatsoft.org/v59/i10/},
  volume = {59},
  year = {2014},
  bdsk-url-1 = {http://www.jstatsoft.org/v59/i10/}
}

@book{databaser2020,
  title={Exploring Enterprise Databases with R: A Tidyverse Approach},
  author={John David, Smith and Sophie, Yang and M. Edward (Ed), Borasky and Jim, Tyhurst and Scott, Came and Mary Anne, Thygesen and Ian, Frantz},
  year={2020},
  url={https://smithjd.github.io/sql-pet/}
}

@book{rogel2018data,
  title={Data science and analytics with Python},
  author={Rogel-Salazar, Jesus},
  year={2018},
  publisher={CRC Press}
}

@Book{xie2015,
  title = {Dynamic Documents with {R} and knitr},
  author = {Yihui Xie},
  publisher = {Chapman and Hall/CRC},
  address = {Boca Raton, Florida},
  year = {2015},
  edition = {2nd},
  note = {ISBN 978-1498716963},
  url = {http://yihui.org/knitr/},
}


@book{wickham2016r,
  title={R for data science: import, tidy, transform, visualize, and model data},
  author={Wickham, Hadley and Grolemund, Garrett},
  year={2016},
  publisher={" O'Reilly Media, Inc."}
}

@book{luraschi2019mastering,
  title={Mastering Spark with R: the complete guide to large-scale analysis and modeling},
  author={Luraschi, Javier and Kuo, Kevin and Ruiz, Edgar},
  year={2019},
  publisher={O'Reilly Media}
}

@book{grolemund2014hands,
  title={Hands-on programming with r: write your own functions and simulations},
  author={Grolemund, Garrett},
  year={2014},
  publisher={" O'Reilly Media, Inc."}
}
